<record><leader>00000cas a22000007i 4500</leader><controlfield tag="001">951685486</controlfield><controlfield tag="006">m     o  d        </controlfield><controlfield tag="007">cr bn|---uuuuu</controlfield><controlfield tag="008">160614d19711974idumx neo     0   a0eng  </controlfield><datafield ind1=" " ind2=" " tag="010"><subfield code="a">  2017202487</subfield></datafield><datafield ind1=" " ind2=" " tag="040"><subfield code="a">MAC</subfield><subfield code="b">eng</subfield><subfield code="e">rda</subfield><subfield code="c">MAC</subfield><subfield code="d">VT2</subfield><subfield code="d">DLC</subfield></datafield><datafield ind1="0" ind2=" " tag="022"><subfield code="a">2574-1977</subfield><subfield code="2">1</subfield></datafield><datafield ind1=" " ind2=" " tag="042"><subfield code="a">pcc</subfield><subfield code="a">nsdp</subfield></datafield><datafield ind1="1" ind2="0" tag="050"><subfield code="a">ISSN RECORD</subfield></datafield><datafield ind1=" " ind2="4" tag="050"><subfield code="a">UA23.A1</subfield></datafield><datafield ind1="1" ind2="0" tag="082"><subfield code="a">322.5</subfield><subfield code="2">23</subfield></datafield><datafield ind1="0" ind2=" " tag="130"><subfield code="a">Helping hand (Mountain Home, Idaho)</subfield></datafield><datafield ind1=" " ind2="0" tag="222"><subfield code="a">Helping hand</subfield><subfield code="b">(Online)</subfield></datafield><datafield ind1="1" ind2="0" tag="245"><subfield code="a">Helping hand.</subfield></datafield><datafield ind1=" " ind2="1" tag="264"><subfield code="a">Mountain Home, Idaho :</subfield><subfield code="b">[Publisher not identified],</subfield><subfield code="c">1971-1974.</subfield></datafield><datafield ind1=" " ind2=" " tag="310"><subfield code="a">Monthly</subfield></datafield><datafield ind1=" " ind2=" " tag="336"><subfield code="a">text</subfield><subfield code="b">txt</subfield><subfield code="2">rdacontent</subfield></datafield><datafield ind1=" " ind2=" " tag="337"><subfield code="a">computer</subfield><subfield code="b">c</subfield><subfield code="2">rdamedia</subfield></datafield><datafield ind1=" " ind2=" " tag="338"><subfield code="a">online resource</subfield><subfield code="b">cr</subfield><subfield code="2">rdacarrier</subfield></datafield><datafield ind1="1" ind2=" " tag="362"><subfield code="a">Began with: Volume one, number one (June. 1971): Ceased with:Volume four, number one (October 1974).</subfield></datafield><datafield ind1=" " ind2=" " tag="500"><subfield code="a">"Written, drawn, edited and published for and by GIs, with a little help from their friends."</subfield></datafield><datafield ind1=" " ind2=" " tag="515"><subfield code="a">Some issues not numbered or dated: International ed. (issued before Aug. 1971); Oct. 1973 (constitutes: vol. 3, no. 1).</subfield></datafield><datafield ind1=" " ind2=" " tag="515"><subfield code="a">Not issued: Nov. 1971 (but in its stead: Late Oct. 1971); Nov. 1972; Jan. 1973-Sept. 1973; Mar. 1974-Sept. 1974.</subfield></datafield><datafield ind1=" " ind2=" " tag="530"><subfield code="a">Available on microfilm from the State Historical Society of Wisconsin.</subfield></datafield><datafield ind1=" " ind2=" " tag="550"><subfield code="a">Published for personnel at Mountain Home AFB.</subfield></datafield><datafield ind1=" " ind2=" " tag="588"><subfield code="a">Description based on: Volume one, number one (June 1971); title from PDF caption (Independent Voices website, viewed on August 11, 2017).</subfield></datafield><datafield ind1=" " ind2=" " tag="588"><subfield code="a">Latest issue consulted: Volume four, number one (October 1974) (viewed on August 11, 2017).</subfield></datafield><datafield ind1=" " ind2="0" tag="650"><subfield code="a">Soldiers</subfield><subfield code="x">Political activity</subfield><subfield code="z">United States.</subfield></datafield><datafield ind1=" " ind2="0" tag="650"><subfield code="a">Peace movements</subfield><subfield code="z">United States</subfield><subfield code="v">Newspapers.</subfield></datafield><datafield ind1=" " ind2="0" tag="650"><subfield code="a">Antinuclear movement</subfield><subfield code="z">United States</subfield><subfield code="v">Newspapers.</subfield></datafield><datafield ind1=" " ind2="0" tag="651"><subfield code="a">United States.</subfield></datafield><datafield ind1=" " ind2="0" tag="651"><subfield code="a">Mountain Home (Idaho)</subfield><subfield code="v">Newspapers.</subfield></datafield><datafield ind1=" " ind2="0" tag="651"><subfield code="a">Elmore County (Idaho)</subfield><subfield code="v">Newspapers.</subfield></datafield><datafield ind1=" " ind2="7" tag="650"><subfield code="a">Antinuclear movement.</subfield><subfield code="2">fast</subfield><subfield code="0">(OCoLC)fst00810626</subfield></datafield><datafield ind1=" " ind2="7" tag="650"><subfield code="a">Peace movements.</subfield><subfield code="2">fast</subfield><subfield code="0">(OCoLC)fst01055858</subfield></datafield><datafield ind1=" " ind2="7" tag="650"><subfield code="a">Soldiers</subfield><subfield code="x">Political activity.</subfield><subfield code="2">fast</subfield><subfield code="0">(OCoLC)fst01125284</subfield></datafield><datafield ind1=" " ind2="7" tag="651"><subfield code="a">Idaho</subfield><subfield code="z">Elmore County.</subfield><subfield code="2">fast</subfield><subfield code="0">(OCoLC)fst01217453</subfield></datafield><datafield ind1=" " ind2="7" tag="651"><subfield code="a">Idaho</subfield><subfield code="z">Mountain Home.</subfield><subfield code="2">fast</subfield><subfield code="0">(OCoLC)fst01220477</subfield></datafield><datafield ind1=" " ind2="7" tag="651"><subfield code="a">United States.</subfield><subfield code="2">fast</subfield><subfield code="0">(OCoLC)fst01204155</subfield></datafield><datafield ind1=" " ind2="7" tag="655"><subfield code="a">Underground newspapers</subfield><subfield code="z">Idaho</subfield><subfield code="z">Mountain Home.</subfield><subfield code="2">ngl</subfield></datafield><datafield ind1=" " ind2="7" tag="655"><subfield code="a">Newspapers.</subfield><subfield code="2">fast</subfield><subfield code="0">(OCoLC)fst01423814</subfield></datafield><datafield ind1="1" ind2=" " tag="710"><subfield code="a">Mountain Home Air Force Base (Idaho)</subfield></datafield><datafield ind1=" " ind2=" " tag="752"><subfield code="a">United States</subfield><subfield code="b">Idaho</subfield><subfield code="c">Elmore</subfield><subfield code="d">Mountain Home.</subfield></datafield><datafield ind1="0" ind2="8" tag="776"><subfield code="i">Print version:</subfield><subfield code="t">Helping hand (Mountain Home, Idaho)</subfield><subfield code="x">2574-1969</subfield><subfield code="w">(DLC)sn 94053459</subfield><subfield code="w">(OCoLC)13034288</subfield></datafield><datafield ind1="4" ind2="0" tag="856"><subfield code="u">http://voices.revealdigital.com/cgi-bin/independentvoices?a=cl&amp;cl=CL1&amp;sp=BDADECII&amp;ai=1</subfield></datafield><datafield ind1="4" ind2="0" tag="856"><subfield code="u">http://voices.revealdigital.com/cgi-bin/independentvoices?a=cl&amp;cl=CL1&amp;ai=1&amp;sp=BDADECII</subfield><subfield code="z">1971 to 1974</subfield></datafield></record>